%% This BibTeX bibliography file was created using BibDesk.
%% http://bibdesk.sourceforge.net/


%% Created for Lauro Cesar Araujo at 2013-04-05 08:03:49 -0300 


%% Saved with string encoding Unicode (UTF-8) 


@article{Coelho,
  title={Dislexia, Disgrafia, Disortografia e Discalculia},
  author={Coelho, Diana Tereso},
  year={2011}
}

@incollection{
    Araman,
	Author = {ARAMAN, E. M. O. and CAZELLA, A. V. and GROSSI, E. S. and PASSOS, A.},
	Url = {http://www.cempapetrolina.com.br/disturbios_de_aprendizagem},
	Title = {Dificuldade de Aprendizagem em Matemática: Discalculia.},
	Month = {Maio},
	Year = {2017}
}

@article{Felipe,
  title={Dificuldade de Aprendizagem},
  author={Felipe, Sione Maschio and Benevenutti, Zilma S.},
  journal={Centro Universitário Leonardo Da Vinci: UNIASSELVI},
  year={2012}
}

@incollection{
    Barros,
	Author = {Barros, Jussara de},
	Url = {em:http://brasilescola.uol.com.br/educacao/dificuldades-aprendizagem.htm},
	Title = {Dificuldade de Aprendizagem},
	Month = {Maio},
	Year = {2017}
}

@article{Santos,
  title={Discalculia em Foco.},
  author={Santos, Sara de Mattos and Barros,Jeanne Denise Bezerra de},
  journal={IV Colóquio Internacional Educação, Cidadania e exclusão: Didática e Avaliação.},
  year={2015}
}

@article{Kosk,
  title={Developmental dyscalculia},
  author={Kosk,Ladislav},
  journal={Journal of Learning Disabilities},
  year={1974}
}

@inbook{
    Luria,
	Author = {Alexander R. Luria},
	Booktitle = {Fundamentos de Neuropsicologia},
	Editor = {São Paulo},
	Title = {Fundamentos de Neuropsicologia},
	Year = {1981}
}

@inbook{
    Lent,
	Author = {Roberto Lent},
	Booktitle = {Cem bilhões de neurônios: conceitos fundamentais neurociência},
	Editor = {Atheneu},
	Title = {Cem bilhões de neurônios: conceitos fundamentais neurociência},
	Year = {2001}
}

@article{Almeida,
  title={Dificuldade de aprendizagem em matemática e percepção dos professores em relação a fatores associados ao insucesso nesta área},
  author={Almeida, Cínthia Soares de},
  year={2006}
}

@article{Villar,
  title={Discalculia na sala de aula},
  author={Villar, José Marcelo Guimarães},
  year={2015}
}


@mastersthesis{Santos2014,
	Author = {Lais Santos},
	School = {Universidade Tecnol{\'o}gica Federal do Paran{\'a}},
	Title = {Discalculia na perspectiva de professores das s{\'e}ries iniciais da rede municipal de Paran{\'a}va{\'i}},
	Type = {Disserta{\c c}{\~a}o de Especializa{\c c}{\~a}o},
	Year = {2014}
}

@incollection{Carvalho,
	Author = {Carvalho, Seilla and Hennemann, Ana Lúcia},
	Url = {http://neuropsicopedagogianasaladeaula.blogspot.com.br/2012/09/discalculia-dicas-para-sala-de-aula.html},
	Title = {Discalculia: dicas para a sala de aula},
	Month = {Maio},
	Year = {2017}
}

@article{Jacinto,
  title={Discalculia: uma limitação na apendizagem},
  author={Jacinto, Jaime Ferreira},
  year={2009}
}


@article{Correia,
  title={Dificuldade de Aprendizagem},
  author={Correia, Lu{\'i}s de Miranda and Martins, Ana Paula},
  year={2011}
}

@article{Spinello,
  title={As dificuldades de aprendizado encontradas na educa{\c c}{\~a}o infantil.},
  author={Spinello, Naiara Carla},
  journal={Revista de Educa{\c c}{\~a}o do ideau},
  year={2014}
}

@article{Machado,
  title={Algumas dificuldades do ensino da matem{\'a}tica no ensino fundamental},
  author={Machado, Ivete Alves},
  journal={Universidade Cat{\'o}lica de Bras{\'i}lia},
  Url = {https://repositorio.ucb.br/jspui/bitstream/10869/1817/5/Ivete\%20Alves\%20Machado.pdf},
  year={2001}
}

@article{Andrade,
  title={Pr{\'e}-discalc: Sistema especialista para o pr{\'e}-diagn{\'o}stico da discalculia em crian{\c c}as},
  author={Andrade, Danyllo Gomes F. de and Melo, Victor Kleber S. L. and Felix, Zildomar Carlos and Alves, Richarlyson},
  journal={XI Simp{\'o}sio de Excel{\^e}ncia em Gest{\~a}o e tecnologia},
  year={2004}
}

@article{Medeiros,
  title={Uma proposta de utiliza{\c c}{\~o} de jogos s{\'e}rios no aux{\'i}lio ao diagn{\'o}stico da Discalculia},
  author={Medeiros, Andre Felipe and Tavares, Alan and Silva, Yuri Kelvin and Valen{\c c}a, Rodrigo and Gorgonio, Flavius},
  journal={laborat{\'o}rio de intelig{\^e}ncia computacional aplicada a neg{\'o}cios - LABICAN},
  year={2016}
}





























@misc{abntex2-wiki-como-customizar,
	Author = {Araman et al.},
	Date-Added = {2013-03-23 21:39:21 +0000},
	Date-Modified = {2013-03-23 21:44:20 +0000},
	Howpublished = {Wiki do abnTeX2},
	Keywords = {wiki},
	Title = {Como customizar o abnTeX2},
	Url = {https://code.google.com/p/abntex2/wiki/ComoCustomizar},
	Urlaccessdate = {23.3.2013},
	Year = {2013},
	Bdsk-Url-1 = {https://code.google.com/p/abntex2/wiki/ComoCustomizar}
}

@manual{talbot2012,
	Author = {Nicola L.C. Talbot},
	Date-Added = {2013-03-11 12:06:04 +0000},
	Date-Modified = {2013-03-11 12:06:56 +0000},
	Month = {11},
	Title = {User Manual for glossaries.sty},
	Url = {http://mirrors.ctan.org/macros/latex/contrib/glossaries/glossaries-user.pdf},
	Urlaccessdate = {11.3.2013},
	Year = {2012},
	Bdsk-Url-1 = {http://mirrors.ctan.org/macros/latex/contrib/glossaries/glossaries-user.pdf}}

@manual{babel,
	Author = {Johannes Braams},
	Date-Added = {2013-02-17 13:37:14 +0000},
	Date-Modified = {2013-02-17 13:38:38 +0000},
	Month = {April},
	Title = {Babel, a multilingual package for use with LATEX's standard document classes},
	Url = {http://mirrors.ctan.org/info/babel/babel.pdf},
	Urlaccessdate = {17.2.2013},
	Year = {2008},
	Bdsk-Url-1 = {http://mirrors.ctan.org/info/babel/babel.pdf}}

@manual{abntex2modelo-artigo,
	Annote = {Este documento {\'e} derivado do \cite{abnt-bibtex-doc}},
	Author = {abnTeX2},
	Date-Added = {2013-01-15 00:10:35 +0000},
	Date-Modified = {2013-02-04 12:05:47 +0000},
	Organization = {Equipe abnTeX2},
	Title = {Modelo Can{\^o}nico de Artigo Cient{\'\i}fico com abnTeX2},
	Url = {http://abntex2.googlecode.com/},
	Year = {2013},
	Bdsk-Url-1 = {http://code.google.com/p/abntex2/}}

@manual{abntex2modelo-relatorio,
	Annote = {Este documento {\'e} derivado do \cite{abnt-bibtex-doc}},
	Author = {abnTeX2},
	Date-Added = {2013-01-15 00:05:34 +0000},
	Date-Modified = {2013-02-04 12:05:50 +0000},
	Organization = {Equipe abnTeX2},
	Title = {Modelo Can{\^o}nico de Relat{\'o}rio T{\'e}cnico e/ou Cient{\'\i}fico com abnTeX2},
	Url = {http://abntex2.googlecode.com/},
	Year = {2013},
	Bdsk-Url-1 = {http://code.google.com/p/abntex2/}}

@manual{abntex2modelo,
	Annote = {Este documento {\'e} derivado do \cite{abnt-bibtex-doc}},
	Author = {abnTeX2},
	Date-Added = {2013-01-12 22:55:32 +0000},
	Date-Modified = {2013-02-04 12:05:54 +0000},
	Organization = {Equipe abnTeX2},
	Title = {Modelo Can{\^o}nico de Trabalho Acad{\^e}mico com abnTeX2},
	Url = {http://abntex2.googlecode.com/},
	Year = {2013},
	Bdsk-Url-1 = {http://code.google.com/p/abntex2/}}

@mastersthesis{araujo2012,
	Address = {Bras{\'\i}lia},
	Author = {Lauro C{\'e}sar Araujo},
	Date-Added = {2013-01-09 11:04:42 +0000},
	Date-Modified = {2013-01-09 11:04:42 +0000},
	Month = {Mar{\c c}o},
	School = {Universidade de Bras{\'\i}lia},
	Subtitle = {uma perspectiva de Arquitetura da Informa{\c c}{\~a}o da Escola de Bras{\'\i}lia},
	Title = {Configura{\c c}{\~a}o},
	Year = {2012}}

@manual{memoir,
	Address = {Normandy Park, WA},
	Author = {Peter Wilson and Lars Madsen},
	Date-Added = {2013-01-09 10:37:50 +0000},
	Date-Modified = {2013-03-21 13:23:25 +0000},
	Organization = {The Herries Press},
	Title = {The Memoir Class for Configurable Typesetting - User Guide},
	Url = {http://mirrors.ctan.org/macros/latex/contrib/memoir/memman.pdf},
	Urlaccessdate = {19.12.2012},
	Year = {2010},
	Bdsk-Url-1 = {http://ctan.tche.br/macros/latex/contrib/memoir/memman.pdf}}

@manual{abntex2cite-alf,
	Annote = {Este documento {\'e} derivado do \cite{abnt-bibtex-alf-doc}},
	Author = {abnTeX2 and Lauro C{\'e}sar Araujo},
	Date-Added = {2013-01-09 10:37:45 +0000},
	Date-Modified = {2013-04-05 11:03:05 +0000},
	Organization = {Equipe abnTeX2},
	Title = {O pacote abntex2cite: t{\'o}picos espec{\'\i}ficos da ABNT NBR 10520:2002 e o estilo bibliogr{\'a}fico alfab{\'e}tico (sistema autor-data},
	Url = {http://abntex2.googlecode.com/},
	Year = {2013},
	Bdsk-Url-1 = {http://code.google.com/p/abntex2/}}

@manual{abntex2cite,
	Annote = {Este documento {\'e} derivado do \cite{abnt-bibtex-doc}},
	Author = {abnTeX2 and Lauro C{\'e}sar Araujo},
	Date-Added = {2013-01-09 10:37:45 +0000},
	Date-Modified = {2013-04-05 10:47:36 +0000},
	Organization = {Equipe abnTeX2},
	Title = {O pacote abntex2cite: Estilos bibliogr{\'a}ficos compat{\'\i}veis com a ABNT NBR 6023},
	Url = {http://abntex2.googlecode.com/},
	Year = {2013},
	Bdsk-Url-1 = {http://code.google.com/p/abntex2/}}

@manual{abntex2classe,
	Author = {abnTeX2 and Lauro C{\'e}sar Araujo},
	Date-Added = {2013-01-09 10:37:38 +0000},
	Date-Modified = {2013-04-05 11:03:48 +0000},
	Organization = {Equipe abnTeX2},
	Title = {A classe abntex2: Modelo can{\^o}nico de trabalhos acad{\^e}micos brasileiros compat{\'\i}vel com as normas ABNT NBR 14724:2011, ABNT NBR 6024:2012 e outras},
	Url = {http://abntex2.googlecode.com/},
	Year = {2013},
	Bdsk-Url-1 = {http://code.google.com/p/abntex2/}}

@manual{NBR10520:2002,
	Address = {Rio de Janeiro},
	Date-Added = {2012-12-15 21:43:38 +0000},
	Date-Modified = {2013-01-12 22:17:20 +0000},
	Month = aug,
	Org-Short = {ABNT},
	Organization = {Associa{\c c}\~ao Brasileira de Normas T\'ecnicas},
	Pages = 7,
	Subtitle = {Informa{\c c}\~ao e documenta{\c c}\~ao --- Apresenta{\c c}\~ao de cita{\c c}\~oes em documentos},
	Title = {{NBR} 10520},
	Year = 2002}

@manual{NBR6024:2012,
	Address = {Rio de Janeiro},
	Date-Added = {2012-12-15 21:24:06 +0000},
	Date-Modified = {2012-12-15 21:24:28 +0000},
	Month = feb,
	Org-Short = {ABNT},
	Organization = {Associa{\c c}\~ao Brasileira de Normas T\'ecnicas},
	Pages = 4,
	Subtitle = {Numera{\c c}\~ao progressiva das se{\c c}\~oes de um documento},
	Title = {{NBR} 6024},
	Year = 2012}

@manual{NBR6028:2003,
	Address = {Rio de Janeiro},
	Date-Added = {2012-12-15 21:02:12 +0000},
	Date-Modified = {2012-12-15 21:02:50 +0000},
	Month = nov,
	Org-Short = {ABNT},
	Organization = {Associa{\c c}\~ao Brasileira de Normas T\'ecnicas},
	Pages = 2,
	Subtitle = {Resumo - Apresenta{\c c}{\~a}o},
	Title = {{NBR} 6028},
	Year = 2003}

@manual{NBR14724:2002,
	Address = {Rio de Janeiro},
	Date-Added = {2012-12-15 20:34:17 +0000},
	Date-Modified = {2012-12-15 20:34:17 +0000},
	Month = aug,
	Note = {Substitui a Ref.~\citeonline{NBR14724:2001}},
	Org-Short = {ABNT},
	Organization = {Associa{\c c}\~ao Brasileira de Normas T\'ecnicas},
	Pages = 6,
	Subtitle = {Informa{\c c}\~ao e documenta{\c c}\~ao --- trabalhos acad\^emicos --- apresenta{\c c}\~ao},
	Title = {{NBR} 14724},
	Year = 2002}

@manual{NBR14724:2001,
	Address = {Rio de Janeiro},
	Date-Added = {2012-12-15 20:34:08 +0000},
	Date-Modified = {2012-12-15 20:34:08 +0000},
	Month = jul,
	Org-Short = {ABNT},
	Organization = {Associa{\c c}\~ao Brasileira de Normas T\'ecnicas},
	Pages = 6,
	Subtitle = {Informa{\c c}\~ao e documenta{\c c}\~ao --- trabalhos acad\^emicos --- apresenta{\c c}\~ao},
	Title = {{NBR} 14724},
	Year = 2001}

@manual{NBR14724:2011,
	Address = {Rio de Janeiro},
	Date-Added = {2012-12-15 20:34:08 +0000},
	Date-Modified = {2012-12-15 20:35:25 +0000},
	Month = mar,
	Note = {Substitui a Ref.~\citeonline{NBR14724:2005}},
	Org-Short = {ABNT},
	Organization = {Associa{\c c}\~ao Brasileira de Normas T\'ecnicas},
	Pages = 15,
	Subtitle = {Informa{\c c}\~ao e documenta{\c c}\~ao --- trabalhos acad\^emicos --- apresenta{\c c}\~ao},
	Title = {{NBR} 14724},
	Year = 2011}



@phdthesis{guizzardi2005,
	Address = {Enschede, The Netherlands},
	Author = {Giancarlo Guizzardi},
	Date-Added = {2012-04-23 11:35:28 +0000},
	Date-Modified = {2012-04-23 11:35:28 +0000},
	School = {Centre for Telematics and Information Technology, University of Twente},
	Title = {Ontological Foundations for Structural Conceptual Models},
	Url = {http://www.loa.istc.cnr.it/Guizzardi/SELMAS-CR.pdf},
	Urlaccessdate = {3.7.2011},
	Year = {2005},
	Bdsk-Url-1 = {http://www.loa.istc.cnr.it/Guizzardi/SELMAS-CR.pdf}}

@mastersthesis{macedo2005,
	Author = {Fl{\'a}via L. Macedo},
	Date-Added = {2012-04-23 11:35:13 +0000},
	Date-Modified = {2012-04-23 11:35:13 +0000},
	Keywords = {arquitetura da informa{\c c}{\~a}o},
	School = {Universidade de Bras{\'\i}lia},
	Title = {Arquitetura da Informa{\c c}{\~a}o: aspectos espistemol{\'o}gicos, cient{\'\i}ficos e pr{\'a}ticos.},
	Type = {Disserta{\c c}{\~a}o de Mestrado},
	Year = {2005}}

@manual{EIA649B,
	Address = {EUA},
	Date-Added = {2012-04-23 11:34:59 +0000},
	Date-Modified = {2012-04-23 11:34:59 +0000},
	Keywords = {norma},
	Month = {June},
	Organization = {TechAmerica},
	Title = {ANSI/EIA 649-B: Configuration Management Standard},
	Year = {2011}}

@inbook{
    Goncalves,
	Author = {{\'A}vila de GonÇalves},
	Booktitle = {Proposta de Orientação Vocacional Profissional – Ensino Médio},
	Editor = {UnB},
	Month = {Novembro},
	Publisher = {UnB},
	Title = {Proposta de Orientação Vocacional Profissional – Ensino Médio},
	Year = {2008}
}




@inproceedings{masolo2010,
	Author = {Claudio Masolo},
	Booktitle = {Proceedings of the Twelfth International Conference on the Principles of Knowledge Representation and Reasoning (KR 2010)},
	Date-Added = {2012-04-23 11:34:38 +0000},
	Date-Modified = {2012-04-23 11:34:38 +0000},
	Editor = {Lin, F. and Sattler, U.},
	Pages = {258-268},
	Publisher = {AAAI Press},
	Title = {Understanding Ontological Levels},
	Url = {http://wiki.loa-cnr.it/Papers/kr10v0.7.pdf},
	Urlaccessdate = {2.1.2012},
	Year = {2010},
	Bdsk-Url-1 = {http://wiki.loa-cnr.it/Papers/kr10v0.7.pdf}}

@inbook{guarino1995,
	Address = {Vienna},
	Author = {Nicola Guarino},
	Booktitle = {Philosophy and the Cognitive Science},
	Date-Added = {2012-04-23 11:34:29 +0000},
	Date-Modified = {2012-04-23 11:34:29 +0000},
	Editor = {R. Casati and B. Smith and G. White},
	Month = {September},
	Pages = {443-456},
	Publisher = {Holder-Pivhler-Tempsky},
	Title = {The Ontological Level},
	Url = {http://wiki.loa-cnr.it/Papers/OntLev.pdf},
	Urlaccessdate = {2.1.2012},
	Year = {1995},
	Bdsk-Url-1 = {http://wiki.loa-cnr.it/Papers/OntLev.pdf}}

@incollection{
    arreguy,
	Address = {Rio de Janeiro},
	Author = {Marília Etienne Arreguy},
	Booktitle = {Physis: Revista de Saúde Coletiva},
	Pages = {230},
	Title = {Violência e ausência de psicólogos nas escolas.},
	Volume = {24},
	Year = {2014}}
	
@incollection{
    abade,
	Address = {Belo Horizonte},
	Author = {Flávia Lemos Abade},
	Booktitle = {Revista Brasileira de Orientação Profissional},
	Pages = {15-24},
	Title = {Orientação profissional no Brasil: uma revisão histórica da produção científica.},
	Year = {2005}}
		
@incollection{bates2010,
	Address = {New York},
	Author = {Marcia J. Bates},
	Booktitle = {Encyclopedia of Library and Information Sciences},
	Date-Added = {2012-04-23 11:34:29 +0000},
	Date-Modified = {2012-04-23 11:34:29 +0000},
	Edition = {3rd},
	Editor = {Marcia J. Bates and Mary Niles Maack},
	Pages = {2347-2360},
	Publisher = {CRC Press},
	Title = {Information},
	Url = {http://pages.gseis.ucla.edu/faculty/bates/articles/information.html},
	Urlaccessdate = {24.10.2011},
	Volume = {3},
	Year = {2010},
	Bdsk-Url-1 = {http://pages.gseis.ucla.edu/faculty/bates/articles/information.html}
}
	
@article{f1,
  title={Fulanologia aplicada à aq{\"u}icultura},
  author={Fulano, José da Silva},
  journal={Jaboticabal: Funep},
  year={1995}
}

% Resolvido!

@article{evasao,
  title={Evasão no ensino superior: estudo dos fatores causadores da evasão no curso de Ciências Contábeis da Universidade Estadual de Montes Claros–Unimontes–MG.},
  author={Dias, E. C. M. and TheÓphilo, C. R. and Lopes, M. A. S.},
  journal={Congresso USP De Iniciação Científica Em Contabilidade.},
  year={2010}
}

%%DIAS, Ellen CM; THEÓPHILO, Carlos R.; LOPES, Maria AS. Evasão no ensino superior: estudo dos fatores causadores da evasão no curso de Ciências Contábeis da Universidade Estadual de Montes Claros–Unimontes–MG. In: Congresso USP De Iniciação Científica Em Contabilidade. 2010